<record><leader>00000cas a22000007a 4500</leader><controlfield tag="001">17924349</controlfield><controlfield tag="008">880509d18821883nyuwr ne      0    0eng d</controlfield><datafield ind1=" " ind2=" " tag="010"><subfield code="a">sn 88074202 </subfield></datafield><datafield ind1=" " ind2=" " tag="040"><subfield code="a">NYS</subfield><subfield code="b">eng</subfield><subfield code="c">NYS</subfield><subfield code="d">OCLCQ</subfield></datafield><datafield ind1=" " ind2=" " tag="042"><subfield code="a">msc</subfield></datafield><datafield ind1="0" ind2="4" tag="245"><subfield code="a">The Mechanicville era.</subfield></datafield><datafield ind1=" " ind2=" " tag="260"><subfield code="a">Mechanicville, N.Y. :</subfield><subfield code="b">Rev. N. Klock</subfield></datafield><datafield ind1=" " ind2=" " tag="300"><subfield code="a">v.</subfield></datafield><datafield ind1=" " ind2=" " tag="310"><subfield code="a">Weekly</subfield></datafield><datafield ind1="0" ind2=" " tag="362"><subfield code="a">Vol. 6, no. 25 (Sept. 21, 1882)-v. 6, no. 52 (May 10, 1883).</subfield></datafield><datafield ind1=" " ind2=" " tag="515"><subfield code="a">Continues numbering of: Golden era (Knowersville, N.Y.).</subfield></datafield><datafield ind1=" " ind2="4" tag="651"><subfield code="a">Mechanicville (N.Y.)</subfield><subfield code="v">Newspapers.</subfield></datafield><datafield ind1=" " ind2=" " tag="752"><subfield code="a">United States</subfield><subfield code="b">New York</subfield><subfield code="c">Saratoga</subfield><subfield code="d">Mechanicville.</subfield></datafield><datafield ind1="0" ind2="0" tag="780"><subfield code="t">Golden era (Knowersville, N.Y.)</subfield><subfield code="w">(DLC)sn 88074201</subfield></datafield><datafield ind1="0" ind2="0" tag="785"><subfield code="t">Mechanicville Mercury</subfield><subfield code="w">(DLC)sn 84031870</subfield></datafield><datafield ind1="1" ind2=" " tag="029"><subfield code="a">AU@</subfield><subfield code="b">000020508191</subfield></datafield></record>